<?xml version="1.0" encoding="UTF-8"?><collection xmlns="http://www.loc.gov/MARC21/slim"><record><leader>00329nam--2200133-i-4500</leader><controlfield tag="001">000032802</controlfield><controlfield tag="002">20161230</controlfield><controlfield tag="005">20161230201039</controlfield><controlfield tag="008">060222s1000------------r-----000-0-eng-d</controlfield><datafield ind1=" " ind2=" " tag="245"><subfield code="a">Microwave mixers</subfield></datafield><datafield ind1=" " ind2=" " tag="260"><subfield code="a">New York, Mcgraw-hill, 1948. Xii + 381p</subfield></datafield><datafield ind1=" " ind2=" " tag="490"><subfield code="a">Mit Rad.Laboratory Series</subfield></datafield><datafield ind1=" " ind2=" " tag="700"><subfield code="a">Eric Durand</subfield></datafield><datafield ind1=" " ind2=" " tag="852"><subfield code="a">1597</subfield></datafield></record></collection>